<?xml version="1.0" encoding="UTF-8"?><collection xmlns="http://www.loc.gov/MARC21/slim"><record><leader>00423nam--2200169-i-4500</leader><controlfield tag="001">000028466</controlfield><controlfield tag="002">20161230</controlfield><controlfield tag="005">20170113011029</controlfield><controlfield tag="008">060222s1000------------r-----000-0-eng-d</controlfield><datafield ind1=" " ind2=" " tag="100"><subfield code="a">Leffler, A. J</subfield></datafield><datafield ind1=" " ind2=" " tag="245"><subfield code="a">Aromatic fluorine copounds</subfield></datafield><datafield ind1=" " ind2=" " tag="260"><subfield code="a">New York</subfield><subfield code="b">Reinhold Publ.Corp</subfield><subfield code="c">1962</subfield></datafield><datafield ind1=" " ind2=" " tag="300"><subfield code="a">XVIII + 820 p</subfield></datafield><datafield ind1=" " ind2=" " tag="490"><subfield code="a">Acs Monograph</subfield></datafield><datafield ind1=" " ind2=" " tag="700"><subfield code="a">Pavlath, A. E</subfield></datafield><datafield ind1=" " ind2=" " tag="852"><subfield code="a">19701</subfield></datafield><datafield ind1=" " ind2=" " tag="CAT"><subfield code="a">SYS</subfield><subfield code="c">20170113</subfield><subfield code="h">011029</subfield></datafield></record></collection>